@article{ref1, 
	author={Microlab}, 
	journal={An example journal}, 
	title={Micro Lab}, 
	year={2019}, 
	volume={22}, 
	number={4}, 
	pages={10-16}, 
	month={February},}

@booklet{booklet,
    author = "Istanbul Technical University Department of Computer Engineering",
    title = "BLG 351E Wednesday Experiment 1: Basic Assembly Coding",
    year = "Spring 2019",
}

@article{ref2,
    author = "Texas Instruments",
    title = "MSP430 Education Board Document",
    year = "2009",
}

@article{ref3,
    author = "Texas Instruments",
    title = "MSP430 Architecture",
    year = "2009",
}

@article{ref4,
    author = "Texas Instruments",
    title = "MSP430 Architecture",
    year = "December 2004 - Revised July 2013",
}
@article{ref5,
    author = "Texas Instruments",
    title = "Supplementary Chapter 6 General Purpose IO",
    year = "December 2004 - Revised July 2013",
}
% https://en.wikibooks.org/wiki/LaTeX/Bibliography_Management
 
@misc{reportGuide,
    title     = "Detailed info on writing reports https://projects.ncsu.edu/labwrite/res/res-studntintro-labparts.html",
    url       = "https://projects.ncsu.edu/labwrite/res/res-studntintro-labparts.html"
}

@misc{overleaf,
    title = "Overleaf Documentation https://tr.overleaf.com/learn",
    url = "https://tr.overleaf.com/learn"
}